
@inproceedings{dong2019multistream,
  title={Multistream classification with relative density ratio estimation},
  author={Dong, Bo and Gao, Yang and Chandra, Swarup and Khan, Latifur},
  booktitle={Proceedings of the AAAI Conference on Artificial Intelligence},
  volume={33},
  number={01},
  pages={3478--3485},
  year={2019}
}

@article{shan2018online,
  title={Online active learning ensemble framework for drifted data streams},
  author={Shan, Jicheng and Zhang, Hang and Liu, Weike and Liu, Qingbao},
  journal={IEEE transactions on neural networks and learning systems},
  volume={30},
  number={2},
  pages={486--498},
  year={2018},
  publisher={IEEE}
}

@article{pan2009survey,
  title={A survey on transfer learning},
  author={Pan, Sinno Jialin and Yang, Qiang},
  journal={IEEE Transactions on knowledge and data engineering},
  volume={22},
  number={10},
  pages={1345--1359},
  year={2009},
  publisher={IEEE}
}

@article{zhuang2020comprehensive,
  title={A comprehensive survey on transfer learning},
  author={Zhuang, Fuzhen and Qi, Zhiyuan and Duan, Keyu and Xi, Dongbo and Zhu, Yongchun and Zhu, Hengshu and Xiong, Hui and He, Qing},
  journal={Proceedings of the IEEE},
  volume={109},
  number={1},
  pages={43--76},
  year={2020},
  publisher={Ieee}
}

@article{wang2018systematic,
  title={A systematic study of online class imbalance learning with concept drift},
  author={Wang, Shuo and Minku, Leandro L and Yao, Xin},
  journal={IEEE transactions on neural networks and learning systems},
  volume={29},
  number={10},
  pages={4802--4821},
  year={2018},
  publisher={IEEE}
}

@article{sun2009classification,
  title={Classification of imbalanced data: A review},
  author={Sun, Yanmin and Wong, Andrew KC and Kamel, Mohamed S},
  journal={International journal of pattern recognition and artificial intelligence},
  volume={23},
  number={04},
  pages={687--719},
  year={2009},
  publisher={World Scientific}
}

@article{charte2015addressing,
  title={Addressing imbalance in multilabel classification: Measures and random resampling algorithms},
  author={Charte, Francisco and Rivera, Antonio J and del Jesus, Mar{\'\i}a J and Herrera, Francisco},
  journal={Neurocomputing},
  volume={163},
  pages={3--16},
  year={2015},
  publisher={Elsevier}
}
@article{charte2015mlsmote,
  title={MLSMOTE: Approaching imbalanced multilabel learning through synthetic instance generation},
  author={Charte, Francisco and Rivera, Antonio J and del Jesus, Mar{\'\i}a J and Herrera, Francisco},
  journal={Knowledge-Based Systems},
  volume={89},
  pages={385--397},
  year={2015},
  publisher={Elsevier}
}
@article{liu2022multi,
  title={Multi-label sampling based on local label imbalance},
  author={Liu, Bin and Blekas, Konstantinos and Tsoumakas, Grigorios},
  journal={Pattern Recognition},
  volume={122},
  pages={108294},
  year={2022},
  publisher={Elsevier}
}
@inproceedings{daniels2017addressing,
  title={Addressing imbalance in multi-label classification using structured hellinger forests},
  author={Daniels, Zachary and Metaxas, Dimitris},
  booktitle={Proceedings of the AAAI conference on artificial intelligence},
  volume={31},
  number={1},
  year={2017}
}

@inproceedings{liu2018making,
  title={Making classifier chains resilient to class imbalance},
  author={Liu, Bin and Tsoumakas, Grigorios},
  booktitle={Asian Conference on Machine Learning},
  pages={280--295},
  year={2018},
  organization={PMLR}
}

@inproceedings{japkowicz1995novelty,
  title={A novelty detection approach to classification},
  author={Japkowicz, Nathalie and Myers, Catherine and Gluck, Mark and others},
  booktitle={IJCAI},
  volume={1},
  pages={518--523},
  year={1995},
  organization={Citeseer}
}

@article{lopez2012analysis,
  title={Analysis of preprocessing vs. cost-sensitive learning for imbalanced classification. Open problems on intrinsic data characteristics},
  author={L{\'o}pez, Victoria and Fern{\'a}ndez, Alberto and Moreno-Torres, Jose G and Herrera, Francisco},
  journal={Expert Systems with Applications},
  volume={39},
  number={7},
  pages={6585--6608},
  year={2012},
  publisher={Elsevier}
}

@article{zhang2020towards,
  title={Towards class-imbalance aware multi-label learning},
  author={Zhang, Min-Ling and Li, Yu-Kun and Yang, Hao and Liu, Xu-Ying},
  journal={IEEE Transactions on Cybernetics},
  volume={52},
  number={6},
  pages={4459--4471},
  year={2020},
  publisher={IEEE}
}
@inproceedings{chawla2003smoteboost,
  title={SMOTEBoost: Improving prediction of the minority class in boosting},
  author={Chawla, Nitesh V and Lazarevic, Aleksandar and Hall, Lawrence O and Bowyer, Kevin W},
  booktitle={Knowledge Discovery in Databases: PKDD 2003: 7th European Conference on Principles and Practice of Knowledge Discovery in Databases, Cavtat-Dubrovnik, Croatia, September 22-26, 2003. Proceedings 7},
  pages={107--119},
  year={2003},
  organization={Springer}
}
@inproceedings{wang2010negative,
  title={Negative correlation learning for classification ensembles},
  author={Wang, Shuo and Chen, Huanhuan and Yao, Xin},
  booktitle={The 2010 international joint conference on neural networks (IJCNN)},
  pages={1--8},
  year={2010},
  organization={IEEE}
}
@article{bhowan2012evolving,
  title={Evolving diverse ensembles using genetic programming for classification with unbalanced data},
  author={Bhowan, Urvesh and Johnston, Mark and Zhang, Mengjie and Yao, Xin},
  journal={IEEE Transactions on Evolutionary Computation},
  volume={17},
  number={3},
  pages={368--386},
  year={2012},
  publisher={IEEE}
}
@article{galar2011review,
  title={A review on ensembles for the class imbalance problem: bagging-, boosting-, and hybrid-based approaches},
  author={Galar, Mikel and Fernandez, Alberto and Barrenechea, Edurne and Bustince, Humberto and Herrera, Francisco},
  journal={IEEE Transactions on Systems, Man, and Cybernetics, Part C (Applications and Reviews)},
  volume={42},
  number={4},
  pages={463--484},
  year={2011},
  publisher={IEEE}
}
@article{cruz2018dynamic,
  title={Dynamic classifier selection: Recent advances and perspectives},
  author={Cruz, Rafael MO and Sabourin, Robert and Cavalcanti, George DC},
  journal={Information Fusion},
  volume={41},
  pages={195--216},
  year={2018},
  publisher={Elsevier}
}

@inproceedings{kuncheva2000clustering,
  title={Clustering-and-selection model for classifier combination},
  author={Kuncheva, Ludmila I},
  booktitle={KES'2000. Fourth International Conference on Knowledge-Based Intelligent Engineering Systems and Allied Technologies. Proceedings (Cat. No. 00TH8516)},
  volume={1},
  pages={185--188},
  year={2000},
  organization={IEEE}
}
@article{woloszynski2011probabilistic,
  title={A probabilistic model of classifier competence for dynamic ensemble selection},
  author={Woloszynski, Tomasz and Kurzynski, Marek},
  journal={Pattern Recognition},
  volume={44},
  number={10-11},
  pages={2656--2668},
  year={2011},
  publisher={Elsevier}
}

@article{lysiak2014optimal,
  title={Optimal selection of ensemble classifiers using measures of competence and diversity of base classifiers},
  author={Lysiak, Rafal and Kurzynski, Marek and Woloszynski, Tomasz},
  journal={Neurocomputing},
  volume={126},
  pages={29--35},
  year={2014},
  publisher={Elsevier}
}
@article{cruz2017meta,
  title={META-DES. Oracle: Meta-learning and feature selection for dynamic ensemble selection},
  author={Cruz, Rafael MO and Sabourin, Robert and Cavalcanti, George DC},
  journal={Information fusion},
  volume={38},
  pages={84--103},
  year={2017},
  publisher={Elsevier}
}
@article{widmer1996learning,
  title={Learning in the presence of concept drift and hidden contexts},
  author={Widmer, Gerhard and Kubat, Miroslav},
  journal={Machine learning},
  volume={23},
  pages={69--101},
  year={1996},
  publisher={Springer}
}
@article{lu2016concept,
  title={A concept drift-tolerant case-base editing technique},
  author={Lu, Ning and Lu, Jie and Zhang, Guangquan and De Mantaras, Ramon Lopez},
  journal={Artificial Intelligence},
  volume={230},
  pages={108--133},
  year={2016},
  publisher={Elsevier}
}
@article{gama2014survey,
  title={A survey on concept drift adaptation},
  author={Gama, Jo{\~a}o and {\v{Z}}liobait{\.e}, Indr{\.e} and Bifet, Albert and Pechenizkiy, Mykola and Bouchachia, Abdelhamid},
  journal={ACM computing surveys (CSUR)},
  volume={46},
  number={4},
  pages={1--37},
  year={2014},
  publisher={ACM New York, NY, USA}
}
@inproceedings{losing2016knn,
  title={KNN classifier with self adjusting memory for heterogeneous concept drift},
  author={Losing, Viktor and Hammer, Barbara and Wersing, Heiko},
  booktitle={2016 IEEE 16th international conference on data mining (ICDM)},
  pages={291--300},
  year={2016},
  organization={IEEE}
}
@article{storkey2008training,
  title={When training and test sets are different: characterizing learning transfer},
  author={Storkey, Amos},
  year={2008}
}

@inproceedings{liu2017regional,
  title={Regional concept drift detection and density synchronized drift adaptation},
  author={Liu, Anjin and Song, Yiliao and Zhang, Guangquan and Lu, Jie},
  booktitle={IJCAI International Joint Conference on Artificial Intelligence},
  year={2017}
}

@article{ramirez2017survey,
  title={A survey on data preprocessing for data stream mining: Current status and future directions},
  author={Ram{\'\i}rez-Gallego, Sergio and Krawczyk, Bartosz and Garc{\'\i}a, Salvador and Wo{\'z}niak, Micha{\l} and Herrera, Francisco},
  journal={Neurocomputing},
  volume={239},
  pages={39--57},
  year={2017},
  publisher={Elsevier}
}

@article{silva2013data,
  title={Data stream clustering: A survey},
  author={Silva, Jonathan A and Faria, Elaine R and Barros, Rodrigo C and Hruschka, Eduardo R and Carvalho, Andr{\'e} CPLF de and Gama, Jo{\~a}o},
  journal={ACM Computing Surveys (CSUR)},
  volume={46},
  number={1},
  pages={1--31},
  year={2013},
  publisher={ACM New York, NY, USA}
}

@article{dries2009adaptive,
  title={Adaptive concept drift detection},
  author={Dries, Anton and R{\"u}ckert, Ulrich},
  journal={Statistical Analysis and Data Mining: The ASA Data Science Journal},
  volume={2},
  number={5-6},
  pages={311--327},
  year={2009},
  publisher={Wiley Online Library}
}

@article{alippi2008just,
  title={Just-in-time adaptive classifiers—Part I: Detecting nonstationary changes},
  author={Alippi, Cesare and Roveri, Manuel},
  journal={IEEE Transactions on Neural Networks},
  volume={19},
  number={7},
  pages={1145--1153},
  year={2008},
  publisher={IEEE}
}

@inproceedings{gama2004learning,
  title={Learning with drift detection},
  author={Gama, Joao and Medas, Pedro and Castillo, Gladys and Rodrigues, Pedro},
  booktitle={Advances in Artificial Intelligence--SBIA 2004: 17th Brazilian Symposium on Artificial Intelligence, Sao Luis, Maranhao, Brazil, September 29-Ocotber 1, 2004. Proceedings 17},
  pages={286--295},
  year={2004},
  organization={Springer}
}

@article{bu2016pdf,
  title={A pdf-free change detection test based on density difference estimation},
  author={Bu, Li and Alippi, Cesare and Zhao, Dongbin},
  journal={IEEE transactions on neural networks and learning systems},
  volume={29},
  number={2},
  pages={324--334},
  year={2016},
  publisher={IEEE}
}
@article{venkatasubramanianinformation,
  title={An Information-Theoretic Approach to Detecting Changes in Multi-Dimensional Data Streams},
  author={Venkatasubramanian, Tamraparni Dasu Shankar Krishnan Suresh and Yi, Ke}
}
@article{frias2014online,
  title={Online and non-parametric drift detection methods based on Hoeffding’s bounds},
  author={Frias-Blanco, Isvani and del Campo-{\'A}vila, Jos{\'e} and Ramos-Jimenez, Gonzalo and Morales-Bueno, Rafael and Ortiz-Diaz, Agustin and Caballero-Mota, Yail{\'e}},
  journal={IEEE Transactions on Knowledge and Data Engineering},
  volume={27},
  number={3},
  pages={810--823},
  year={2014},
  publisher={IEEE}
}

@inproceedings{yamada2013change,
  title={Change-point detection with feature selection in high-dimensional time-series data},
  author={Yamada, Makoto and Kimura, Akisato and Naya, Futoshi and Sawada, Hiroshi},
  booktitle={Twenty-Third International Joint Conference on Artificial Intelligence},
  year={2013}
}
@inproceedings{bach2008paired,
  title={Paired learners for concept drift},
  author={Bach, Stephen H and Maloof, Marcus A},
  booktitle={2008 Eighth IEEE International Conference on Data Mining},
  pages={23--32},
  year={2008},
  organization={IEEE}
}
@inproceedings{bifet2007learning,
  title={Learning from time-changing data with adaptive windowing},
  author={Bifet, Albert and Gavalda, Ricard},
  booktitle={Proceedings of the 2007 SIAM international conference on data mining},
  pages={443--448},
  year={2007},
  organization={SIAM}
}
@article{xu2017dynamic,
  title={Dynamic extreme learning machine for data stream classification},
  author={Xu, Shuliang and Wang, Junhong},
  journal={Neurocomputing},
  volume={238},
  pages={433--449},
  year={2017},
  publisher={Elsevier}
}
@article{liu2016fp,
  title={FP-ELM: An online sequential learning algorithm for dealing with concept drift},
  author={Liu, Dong and Wu, YouXi and Jiang, He},
  journal={Neurocomputing},
  volume={207},
  pages={322--334},
  year={2016},
  publisher={Elsevier}
}
@article{han2015efficient,
  title={Efficient mining of high-speed uncertain data streams},
  author={Han, Donghong and Giraud-Carrier, Christophe and Li, Shuoru},
  journal={Applied Intelligence},
  volume={43},
  pages={773--785},
  year={2015},
  publisher={Springer}
}
@article{soares2016adaptive,
  title={An adaptive ensemble of on-line extreme learning machines with variable forgetting factor for dynamic system prediction},
  author={Soares, Symone G and Ara{\'u}jo, Rui},
  journal={Neurocomputing},
  volume={171},
  pages={693--707},
  year={2016},
  publisher={Elsevier}
}
@article{manly2000cumulative,
  title={A cumulative sum type of method for environmental monitoring},
  author={Manly, Bryan FJ and Mackenzie, Darryl},
  journal={Environmetrics: The official journal of the International Environmetrics Society},
  volume={11},
  number={2},
  pages={151--166},
  year={2000},
  publisher={Wiley Online Library}
}
@article{sun2018concept,
  title={Concept drift adaptation by exploiting historical knowledge},
  author={Sun, Yu and Tang, Ke and Zhu, Zexuan and Yao, Xin},
  journal={IEEE transactions on neural networks and learning systems},
  volume={29},
  number={10},
  pages={4822--4832},
  year={2018},
  publisher={IEEE}
}
@inproceedings{oza2001experimental,
  title={Experimental comparisons of online and batch versions of bagging and boosting},
  author={Oza, Nikunj C and Russell, Stuart},
  booktitle={Proceedings of the seventh ACM SIGKDD international conference on Knowledge discovery and data mining},
  pages={359--364},
  year={2001}
}
@inproceedings{bifet2009new,
  title={New ensemble methods for evolving data streams},
  author={Bifet, Albert and Holmes, Geoff and Pfahringer, Bernhard and Kirkby, Richard and Gavalda, Ricard},
  booktitle={Proceedings of the 15th ACM SIGKDD international conference on Knowledge discovery and data mining},
  pages={139--148},
  year={2009}
}
@inproceedings{chu2004fast,
  title={Fast and light boosting for adaptive mining of data streams},
  author={Chu, Fang and Zaniolo, Carlo},
  booktitle={Advances in Knowledge Discovery and Data Mining: 8th Pacific-Asia Conference, PAKDD 2004, Sydney, Australia, May 26-28, 2004. Proceedings 8},
  pages={282--292},
  year={2004},
  organization={Springer}
}
@article{gomes2017adaptive,
  title={Adaptive random forests for evolving data stream classification},
  author={Gomes, Heitor M and Bifet, Albert and Read, Jesse and Barddal, Jean Paul and Enembreck, Fabr{\'\i}cio and Pfharinger, Bernhard and Holmes, Geoff and Abdessalem, Talel},
  journal={Machine Learning},
  volume={106},
  pages={1469--1495},
  year={2017},
  publisher={Springer}
}
@article{li2015learning,
  title={Learning concept-drifting data streams with random ensemble decision trees},
  author={Li, Peipei and Wu, Xindong and Hu, Xuegang and Wang, Hao},
  journal={Neurocomputing},
  volume={166},
  pages={68--83},
  year={2015},
  publisher={Elsevier}
}

@article{kolter2007dynamic,
  title={Dynamic weighted majority: An ensemble method for drifting concepts},
  author={Kolter, J Zico and Maloof, Marcus A},
  journal={The Journal of Machine Learning Research},
  volume={8},
  pages={2755--2790},
  year={2007},
  publisher={JMLR. org}
}
@article{elwell2011incremental,
  title={Incremental learning of concept drift in nonstationary environments},
  author={Elwell, Ryan and Polikar, Robi},
  journal={IEEE transactions on neural networks},
  volume={22},
  number={10},
  pages={1517--1531},
  year={2011},
  publisher={IEEE}
}
@article{brzezinski2013reacting,
  title={Reacting to different types of concept drift: The accuracy updated ensemble algorithm},
  author={Brzezinski, Dariusz and Stefanowski, Jerzy},
  journal={IEEE transactions on neural networks and learning systems},
  volume={25},
  number={1},
  pages={81--94},
  year={2013},
  publisher={IEEE}
}

@inproceedings{zhang2008categorizing,
  title={Categorizing and mining concept drifting data streams},
  author={Zhang, Peng and Zhu, Xingquan and Shi, Yong},
  booktitle={Proceedings of the 14th ACM SIGKDD international conference on Knowledge discovery and data mining},
  pages={812--820},
  year={2008}
}

@article{sun2016online,
  title={Online ensemble learning of data streams with gradually evolved classes},
  author={Sun, Yu and Tang, Ke and Minku, Leandro L and Wang, Shuo and Yao, Xin},
  journal={IEEE Transactions on Knowledge and Data Engineering},
  volume={28},
  number={6},
  pages={1532--1545},
  year={2016},
  publisher={IEEE}
}

@article{gomes2013mining,
  title={Mining recurring concepts in a dynamic feature space},
  author={Gomes, Joao Bartolo and Gaber, Mohamed Medhat and Sousa, Pedro AC and Menasalvas, Ernestina},
  journal={IEEE Transactions on Neural Networks and Learning Systems},
  volume={25},
  number={1},
  pages={95--110},
  year={2013},
  publisher={IEEE}
}

@article{gama2014recurrent,
  title={Recurrent concepts in data streams classification},
  author={Gama, Joao and Kosina, Petr},
  journal={Knowledge and Information Systems},
  volume={40},
  pages={489--507},
  year={2014},
  publisher={Springer}
}
@article{ahmadi2018modeling,
  title={Modeling recurring concepts in data streams: a graph-based framework},
  author={Ahmadi, Zahra and Kramer, Stefan},
  journal={Knowledge and Information Systems},
  volume={55},
  pages={15--44},
  year={2018},
  publisher={Springer}
}
@article{pratama2015evolving,
  title={Evolving type-2 fuzzy classifier},
  author={Pratama, Mahardhika and Lu, Jie and Zhang, Guangquan},
  journal={IEEE Transactions on Fuzzy Systems},
  volume={24},
  number={3},
  pages={574--589},
  year={2015},
  publisher={IEEE}
}

@inproceedings{domingos2000mining,
  title={Mining high-speed data streams},
  author={Domingos, Pedro and Hulten, Geoff},
  booktitle={Proceedings of the sixth ACM SIGKDD international conference on Knowledge discovery and data mining},
  pages={71--80},
  year={2000}
}
@inproceedings{hulten2001mining,
  title={Mining time-changing data streams},
  author={Hulten, Geoff and Spencer, Laurie and Domingos, Pedro},
  booktitle={Proceedings of the seventh ACM SIGKDD international conference on Knowledge discovery and data mining},
  pages={97--106},
  year={2001}
}
@inproceedings{yang2012incrementally,
  title={Incrementally optimized decision tree for noisy big data},
  author={Yang, Hang and Fong, Simon},
  booktitle={Proceedings of the 1st International Workshop on Big Data, Streams and Heterogeneous Source Mining: Algorithms, Systems, Programming Models and Applications},
  pages={36--44},
  year={2012}
}

@article{yang2015countering,
  title={Countering the concept-drift problems in big data by an incrementally optimized stream mining model},
  author={Yang, Hang and Fong, Simon},
  journal={Journal of Systems and Software},
  volume={102},
  pages={158--166},
  year={2015},
  publisher={Elsevier}
}

@article{rutkowski2012decision,
  title={Decision trees for mining data streams based on the McDiarmid's bound},
  author={Rutkowski, Leszek and Pietruczuk, Lena and Duda, Piotr and Jaworski, Maciej},
  journal={IEEE Transactions on Knowledge and Data Engineering},
  volume={25},
  number={6},
  pages={1272--1279},
  year={2012},
  publisher={IEEE}
}

@article{rutkowski2014new,
  title={A new method for data stream mining based on the misclassification error},
  author={Rutkowski, Leszek and Jaworski, Maciej and Pietruczuk, Lena and Duda, Piotr},
  journal={IEEE transactions on neural networks and learning systems},
  volume={26},
  number={5},
  pages={1048--1059},
  year={2014},
  publisher={IEEE}
}

@article{frias2016online,
  title={Online adaptive decision trees based on concentration inequalities},
  author={Frias-Blanco, Isvani and del Campo-Avila, Jose and Ramos-Jimenez, Gonzalo and Carvalho, Andre CPLF and Ortiz-D{\'\i}az, Agust{\'\i}n and Morales-Bueno, Rafael},
  journal={Knowledge-Based Systems},
  volume={104},
  pages={179--194},
  year={2016},
  publisher={Elsevier}
}

@inproceedings{baena2006early,
  title={Early drift detection method},
  author={Baena-Garc{\i}a, Manuel and del Campo-{\'A}vila, Jos{\'e} and Fidalgo, Raul and Bifet, Albert and Gavalda, Ricard and Morales-Bueno, Rafael},
  booktitle={Fourth international workshop on knowledge discovery from data streams},
  volume={6},
  pages={77--86},
  year={2006},
  organization={Citeseer}
}

@article{madkour2023historical,
  title={Historical Isolated Forest for detecting and adaptation concept drifts in nonstationary data streaming},
  author={Madkour, Ahmed Hamdy and Elsayed, Amgad and Abdel-Kader, Hatem},
  journal={IJCI. International Journal of Computers and Information},
  volume={10},
  number={2},
  pages={16--27},
  year={2023},
  publisher={Minufiya University; Faculty of Computers and Information}
}

@article{tan2022information,
  title={Information resources estimation for accurate distribution-based concept drift detection},
  author={Tan, Chang How and Lee, Vincent CS and Salehi, Mahsa},
  journal={Information Processing \& Management},
  volume={59},
  number={3},
  pages={102911},
  year={2022},
  publisher={Elsevier}
}

@article{adams2023explainable,
  title={Explainable concept drift in process mining},
  author={Adams, Jan Niklas and van Zelst, Sebastiaan J and Rose, Thomas and van der Aalst, Wil MP},
  journal={Information Systems},
  volume={114},
  pages={102177},
  year={2023},
  publisher={Elsevier}
}
@article{page1954continuous,
  title={Continuous inspection schemes},
  author={Page, Ewan S},
  journal={Biometrika},
  volume={41},
  number={1/2},
  pages={100--115},
  year={1954},
  publisher={JSTOR}
}

@article{yin2022graph,
  title={Graph-based stock correlation and prediction for high-frequency trading systems},
  author={Yin, Tao and Liu, Chenzhengyi and Ding, Fangyu and Feng, Ziming and Yuan, Bo and Zhang, Ning},
  journal={Pattern Recognition},
  volume={122},
  pages={108209},
  year={2022},
  publisher={Elsevier}
}

@article{ren2023grouping,
  title={Grouping-based oversampling in kernel space for imbalanced data classification},
  author={Ren, Jinjun and Wang, Yuping and Cheung, Yiu-ming and Gao, Xiao-Zhi and Guo, Xiaofang},
  journal={Pattern Recognition},
  volume={133},
  pages={108992},
  year={2023},
  publisher={Elsevier}
}

@article{nitesh2002smote,
  title={SMOTE: synthetic minority over-sampling technique},
  author={Nitesh, V Chawla},
  journal={J Artif Intell Res},
  volume={16},
  number={1},
  pages={321},
  year={2002}
}

@inproceedings{han2005borderline,
  title={Borderline-SMOTE: a new over-sampling method in imbalanced data sets learning},
  author={Han, Hui and Wang, Wen-Yuan and Mao, Bing-Huan},
  booktitle={International conference on intelligent computing},
  pages={878--887},
  year={2005},
  organization={Springer}
}

@inproceedings{bunkhumpornpat2009safe,
  title={Safe-level-smote: Safe-level-synthetic minority over-sampling technique for handling the class imbalanced problem},
  author={Bunkhumpornpat, Chumphol and Sinapiromsaran, Krung and Lursinsap, Chidchanok},
  booktitle={Advances in knowledge discovery and data mining: 13th Pacific-Asia conference, PAKDD 2009 Bangkok, Thailand, April 27-30, 2009 proceedings 13},
  pages={475--482},
  year={2009},
  organization={Springer}
}

@inproceedings{maciejewski2011local,
  title={Local neighbourhood extension of SMOTE for mining imbalanced data},
  author={Maciejewski, Tomasz and Stefanowski, Jerzy},
  booktitle={2011 IEEE symposium on computational intelligence and data mining (CIDM)},
  pages={104--111},
  year={2011},
  organization={IEEE}
}
@article{jackowski2014improved,
  title={Improved adaptive splitting and selection: the hybrid training method of a classifier based on a feature space partitioning},
  author={Jackowski, Konrad and Krawczyk, Bartosz and Wo{\'z}niak, Micha{\l}},
  journal={International journal of neural systems},
  volume={24},
  number={03},
  pages={1430007},
  year={2014},
  publisher={World Scientific}
}

@article{gao2020saccos,
  title={SACCOS: A semi-supervised framework for emerging class detection and concept drift adaption over data streams},
  author={Gao, Yang and Chandra, Swarup and Li, Yifan and Khan, Latifur and Bhavani, Thuraisingham},
  journal={IEEE Transactions on Knowledge and Data Engineering},
  volume={34},
  number={3},
  pages={1416--1426},
  year={2020},
  publisher={IEEE}
}

@article{masud2010classification,
  title={Classification and novel class detection in concept-drifting data streams under time constraints},
  author={Masud, Mohammad and Gao, Jing and Khan, Latifur and Han, Jiawei and Thuraisingham, Bhavani M},
  journal={IEEE Transactions on knowledge and data engineering},
  volume={23},
  number={6},
  pages={859--874},
  year={2010},
  publisher={IEEE}
}

@inproceedings{haque2016sand,
  title={Sand: Semi-supervised adaptive novel class detection and classification over data stream},
  author={Haque, Ahsanul and Khan, Latifur and Baron, Michael},
  booktitle={Proceedings of the AAAI Conference on Artificial Intelligence},
  volume={30},
  number={1},
  year={2016}
}
@inproceedings{mu2017streaming,
  title={Streaming classification with emerging new class by class matrix sketching},
  author={Mu, Xin and Zhu, Feida and Du, Juan and Lim, Ee-Peng and Zhou, Zhi-Hua},
  booktitle={Proceedings of the AAAI Conference on Artificial Intelligence},
  volume={31},
  number={1},
  year={2017}
}

@article{mu2017classification,
  title={Classification under streaming emerging new classes: A solution using completely-random trees},
  author={Mu, Xin and Ting, Kai Ming and Zhou, Zhi-Hua},
  journal={IEEE Transactions on Knowledge and Data Engineering},
  volume={29},
  number={8},
  pages={1605--1618},
  year={2017},
  publisher={IEEE}
}

@inproceedings{zhu2020semi,
  title={Semi-supervised streaming learning with emerging new labels},
  author={Zhu, Yong-Nan and Li, Yu-Feng},
  booktitle={Proceedings of the AAAI Conference on Artificial Intelligence},
  volume={34},
  number={04},
  pages={7015--7022},
  year={2020}
}

@inproceedings{cai2019nearest,
  title={Nearest neighbor ensembles: An effective method for difficult problems in streaming classification with emerging new classes},
  author={Cai, Xin-Qiang and Zhao, Peng and Ting, Kai-Ming and Mu, Xin and Jiang, Yuan},
  booktitle={2019 IEEE international conference on data mining (ICDM)},
  pages={970--975},
  year={2019},
  organization={IEEE}
}

@article{zhang2022knnens,
  title={KNNENS: A k-nearest neighbor ensemble-based method for incremental learning under data stream with emerging new classes},
  author={Zhang, Jianjun and Wang, Ting and Ng, Wing WY and Pedrycz, Witold},
  journal={IEEE transactions on neural networks and learning systems},
  volume={34},
  number={11},
  pages={9520--9527},
  year={2022},
  publisher={IEEE}
}

@inproceedings{long2014transfer,
  title={Transfer joint matching for unsupervised domain adaptation},
  author={Long, Mingsheng and Wang, Jianmin and Ding, Guiguang and Sun, Jiaguang and Yu, Philip S},
  booktitle={Proceedings of the IEEE conference on computer vision and pattern recognition},
  pages={1410--1417},
  year={2014}
}


@article{sun2011two,
  title={A two-stage weighting framework for multi-source domain adaptation},
  author={Sun, Qian and Chattopadhyay, Rita and Panchanathan, Sethuraman and Ye, Jieping},
  journal={Advances in neural information processing systems},
  volume={24},
  year={2011}
}

@inproceedings{dai2007boosting,
  title={Boosting for transfer learning},
  author={Dai, Wenyuan and Yang, Qiang and Xue, Gui-Rong and Yu, Yong},
  booktitle={Proceedings of the 24th international conference on Machine learning},
  pages={193--200},
  year={2007}
}

@inproceedings{freund1996experiments,
  title={Experiments with a new boosting algorithm},
  author={Freund, Yoav and Schapire, Robert E and others},
  booktitle={icml},
  volume={96},
  pages={148--156},
  year={1996},
  organization={Citeseer}
}

@inproceedings{yao2010boosting,
  title={Boosting for transfer learning with multiple sources},
  author={Yao, Yi and Doretto, Gianfranco},
  booktitle={2010 IEEE computer society conference on computer vision and pattern recognition},
  pages={1855--1862},
  year={2010},
  organization={IEEE}
}

@inproceedings{sun2016return,
  title={Return of frustratingly easy domain adaptation},
  author={Sun, Baochen and Feng, Jiashi and Saenko, Kate},
  booktitle={Proceedings of the AAAI conference on artificial intelligence},
  volume={30},
  number={1},
  year={2016}
}

@article{zhu2020deep,
  title={Deep subdomain adaptation network for image classification},
  author={Zhu, Yongchun and Zhuang, Fuzhen and Wang, Jindong and Ke, Guolin and Chen, Jingwu and Bian, Jiang and Xiong, Hui and He, Qing},
  journal={IEEE transactions on neural networks and learning systems},
  volume={32},
  number={4},
  pages={1713--1722},
  year={2020},
  publisher={IEEE}
}

@article{long2018transferable,
  title={Transferable representation learning with deep adaptation networks},
  author={Long, Mingsheng and Cao, Yue and Cao, Zhangjie and Wang, Jianmin and Jordan, Michael I},
  journal={IEEE transactions on pattern analysis and machine intelligence},
  volume={41},
  number={12},
  pages={3071--3085},
  year={2018},
  publisher={IEEE}
}

@inproceedings{long2013transfer,
  title={Transfer feature learning with joint distribution adaptation},
  author={Long, Mingsheng and Wang, Jianmin and Ding, Guiguang and Sun, Jiaguang and Yu, Philip S},
  booktitle={Proceedings of the IEEE international conference on computer vision},
  pages={2200--2207},
  year={2013}
}

@inproceedings{wang2017balanced,
  title={Balanced distribution adaptation for transfer learning},
  author={Wang, Jindong and Chen, Yiqiang and Hao, Shuji and Feng, Wenjie and Shen, Zhiqi},
  booktitle={2017 IEEE international conference on data mining (ICDM)},
  pages={1129--1134},
  year={2017},
  organization={IEEE}
}

@article{wang2020transfer,
  title={Transfer learning with dynamic distribution adaptation},
  author={Wang, Jindong and Chen, Yiqiang and Feng, Wenjie and Yu, Han and Huang, Meiyu and Yang, Qiang},
  journal={ACM Transactions on Intelligent Systems and Technology (TIST)},
  volume={11},
  number={1},
  pages={1--25},
  year={2020},
  publisher={ACM New York, NY, USA}
}

@inproceedings{fernando2013unsupervised,
  title={Unsupervised visual domain adaptation using subspace alignment},
  author={Fernando, Basura and Habrard, Amaury and Sebban, Marc and Tuytelaars, Tinne},
  booktitle={Proceedings of the IEEE international conference on computer vision},
  pages={2960--2967},
  year={2013}
}

@article{pearson1901liii,
  title={LIII. On lines and planes of closest fit to systems of points in space},
  author={Pearson, Karl},
  journal={The London, Edinburgh, and Dublin philosophical magazine and journal of science},
  volume={2},
  number={11},
  pages={559--572},
  year={1901},
  publisher={Taylor \& Francis}
}

@article{pan2010domain,
  title={Domain adaptation via transfer component analysis},
  author={Pan, Sinno Jialin and Tsang, Ivor W and Kwok, James T and Yang, Qiang},
  journal={IEEE transactions on neural networks},
  volume={22},
  number={2},
  pages={199--210},
  year={2010},
  publisher={IEEE}
}

@article{rahman2020correlation,
  title={Correlation-aware adversarial domain adaptation and generalization},
  author={Rahman, Mohammad Mahfujur and Fookes, Clinton and Baktashmotlagh, Mahsa and Sridharan, Sridha},
  journal={Pattern Recognition},
  volume={100},
  pages={107124},
  year={2020},
  publisher={Elsevier}
}

@inproceedings{zhong2009cross,
  title={Cross domain distribution adaptation via kernel mapping},
  author={Zhong, Erheng and Fan, Wei and Peng, Jing and Zhang, Kun and Ren, Jiangtao and Turaga, Deepak and Verscheure, Olivier},
  booktitle={Proceedings of the 15th ACM SIGKDD international conference on Knowledge discovery and data mining},
  pages={1027--1036},
  year={2009}
}

@inproceedings{cao2018partial,
  title={Partial transfer learning with selective adversarial networks},
  author={Cao, Zhangjie and Long, Mingsheng and Wang, Jianmin and Jordan, Michael I},
  booktitle={Proceedings of the IEEE conference on computer vision and pattern recognition},
  pages={2724--2732},
  year={2018}
}

@inproceedings{cao2019learning,
  title={Learning to transfer examples for partial domain adaptation},
  author={Cao, Zhangjie and You, Kaichao and Long, Mingsheng and Wang, Jianmin and Yang, Qiang},
  booktitle={Proceedings of the IEEE/CVF conference on computer vision and pattern recognition},
  pages={2985--2994},
  year={2019}
}

@article{li2020dual,
  title={Dual alignment for partial domain adaptation},
  author={Li, Lusi and Wan, Zhiqiang and He, Haibo},
  journal={IEEE transactions on cybernetics},
  volume={51},
  number={7},
  pages={3404--3416},
  year={2020},
  publisher={IEEE}
}

@article{yang2021concept,
  title={Concept drift-tolerant transfer learning in dynamic environments},
  author={Yang, Cuie and Cheung, Yiu-ming and Ding, Jinliang and Tan, Kay Chen},
  journal={IEEE Transactions on Neural Networks and Learning Systems},
  volume={33},
  number={8},
  pages={3857--3871},
  year={2021},
  publisher={IEEE}
}

@article{powers2020evaluation,
  title={Evaluation: from precision, recall and F-measure to ROC, informedness, markedness and correlation},
  author={Powers, David MW},
  journal={arXiv preprint arXiv:2010.16061},
  year={2020}
}

@misc{sasaki2007truth,
  title={The truth of the F-measure. Teach tutor mater, 1 (5), 1--5},
  author={Sasaki, Y and others},
  year={2007},
  publisher={APPENDICES}
}

@inproceedings{brodersen2010balanced,
  title={The balanced accuracy and its posterior distribution},
  author={Brodersen, Kay Henning and Ong, Cheng Soon and Stephan, Klaas Enno and Buhmann, Joachim M},
  booktitle={2010 20th international conference on pattern recognition},
  pages={3121--3124},
  year={2010},
  organization={IEEE}
}

@inproceedings{kubat1997addressing,
  title={Addressing the curse of imbalanced training sets: one-sided selection},
  author={Kubat, Miroslav and Matwin, Stan and others},
  booktitle={Icml},
  volume={97},
  number={1},
  pages={179},
  year={1997},
  organization={Citeseer}
}

@article{krawczyk2017ensemble,
  title={Ensemble learning for data stream analysis: A survey},
  author={Krawczyk, Bartosz and Minku, Leandro L and Gama, Jo{\~a}o and Stefanowski, Jerzy and Wo{\'z}niak, Micha{\l}},
  journal={Information Fusion},
  volume={37},
  pages={132--156},
  year={2017},
  publisher={Elsevier}
}

@article{zhou2021explanation,
  title={Explanation and prediction of clinical data with imbalanced class distribution based on pattern discovery and disentanglement},
  author={Zhou, Pei-Yuan and Wong, Andrew KC},
  journal={BMC medical informatics and decision making},
  volume={21},
  pages={1--15},
  year={2021},
  publisher={Springer}
}

@article{ksieniewicz2022stream,
  title={Stream-learn—Open-source Python library for difficult data stream batch analysis},
  author={Ksieniewicz, Pawel and Zyblewski, Pawel},
  journal={Neurocomputing},
  volume={478},
  pages={11--21},
  year={2022},
  publisher={Elsevier}
}

@article{citakoglu2021comparison,
  title={Comparison of multiple learning artificial intelligence models for estimation of long-term monthly temperatures in Turkey},
  author={Citakoglu, Hatice},
  journal={Arabian Journal of Geosciences},
  volume={14},
  number={20},
  pages={2131},
  year={2021},
  publisher={Springer}
}
@article{liu2012isolation,
  title={Isolation-based anomaly detection},
  author={Liu, Fei Tony and Ting, Kai Ming and Zhou, Zhi-Hua},
  journal={ACM Transactions on Knowledge Discovery from Data (TKDD)},
  volume={6},
  number={1},
  pages={1--39},
  year={2012},
  publisher={ACM New York, NY, USA}
}

@article{hastie2005elements,
  title={The elements of statistical learning: data mining, inference and prediction},
  author={Hastie, Trevor and Tibshirani, Robert and Friedman, Jerome and Franklin, James},
  journal={The Mathematical Intelligencer},
  volume={27},
  number={2},
  pages={83--85},
  year={2005},
  publisher={Springer}
}

@book{hastie2009elements,
  title={The elements of statistical learning: data mining, inference, and prediction},
  author={Hastie, Trevor and Tibshirani, Robert and Friedman, Jerome H and Friedman, Jerome H},
  volume={2},
  year={2009},
  publisher={Springer}
}

@article{lobo2021curie,
  title={CURIE: a cellular automaton for concept drift detection},
  author={Lobo, Jesus L and Del Ser, Javier and Osaba, Eneko and Bifet, Albert and Herrera, Francisco},
  journal={Data Mining and Knowledge Discovery},
  volume={35},
  number={6},
  pages={2655--2678},
  year={2021},
  publisher={Springer}
}
@article{tsymbal2004problem,
  title={The problem of concept drift: definitions and related work},
  author={Tsymbal, Alexey},
  journal={Computer Science Department, Trinity College Dublin},
  volume={106},
  number={2},
  pages={58},
  year={2004},
  publisher={Citeseer}
}

@article{gama2013evaluating,
  title={On evaluating stream learning algorithms},
  author={Gama, Joao and Sebastiao, Raquel and Rodrigues, Pedro Pereira},
  journal={Machine learning},
  volume={90},
  pages={317--346},
  year={2013},
  publisher={Springer}
}

@inproceedings{wang2019characterizing,
  title={Characterizing and avoiding negative transfer},
  author={Wang, Zirui and Dai, Zihang and P{\'o}czos, Barnab{\'a}s and Carbonell, Jaime},
  booktitle={Proceedings of the IEEE/CVF conference on computer vision and pattern recognition},
  pages={11293--11302},
  year={2019}
}

@inproceedings{zadrozny2004learning,
  title={Learning and evaluating classifiers under sample selection bias},
  author={Zadrozny, Bianca},
  booktitle={Proceedings of the twenty-first international conference on Machine learning},
  pages={114},
  year={2004}
}

@inproceedings{cortes2008sample,
  title={Sample selection bias correction theory},
  author={Cortes, Corinna and Mohri, Mehryar and Riley, Michael and Rostamizadeh, Afshin},
  booktitle={International conference on algorithmic learning theory},
  pages={38--53},
  year={2008},
  organization={Springer}
}

@inproceedings{da2014learning,
  title={Learning with augmented class by exploiting unlabeled data},
  author={Da, Qing and Yu, Yang and Zhou, Zhi-Hua},
  booktitle={Proceedings of the AAAI conference on artificial intelligence},
  volume={28},
  number={1},
  year={2014}
}

@ARTICLE{8496795,
  author={Lu, Jie and Liu, Anjin and Dong, Fan and Gu, Feng and Gama, João and Zhang, Guangquan},
  journal={IEEE Transactions on Knowledge and Data Engineering}, 
  title={Learning under Concept Drift: A Review}, 
  year={2019},
  volume={31},
  number={12},
  pages={2346-2363},
  keywords={Machine learning;Market research;Data analysis;Big Data;Mobile handsets;Data models;Cameras;Concept drift;change detection;adaptive learning;data streams},
  doi={10.1109/TKDE.2018.2876857}}
